<record><leader>00000cas a22000007a 4500</leader><controlfield tag="001">26737325</controlfield><controlfield tag="008">921007d18751uuunyuwr ne      0    0eng d</controlfield><datafield ind1=" " ind2=" " tag="010"><subfield code="a">sn 92062078 </subfield></datafield><datafield ind1=" " ind2=" " tag="040"><subfield code="a">NYS</subfield><subfield code="b">eng</subfield><subfield code="c">NYS</subfield><subfield code="d">OCLCQ</subfield></datafield><datafield ind1=" " ind2=" " tag="042"><subfield code="a">msc</subfield></datafield><datafield ind1="0" ind2=" " tag="130"><subfield code="a">Norwich bulletin (Norwich, N.Y.)</subfield></datafield><datafield ind1="1" ind2="4" tag="245"><subfield code="a">The Norwich bulletin.</subfield></datafield><datafield ind1=" " ind2=" " tag="260"><subfield code="a">Norwich, N.Y. :</subfield><subfield code="b">Will M. Dietz</subfield></datafield><datafield ind1=" " ind2=" " tag="300"><subfield code="a">v. ;</subfield><subfield code="c">37 cm.</subfield></datafield><datafield ind1=" " ind2=" " tag="310"><subfield code="a">Weekly</subfield></datafield><datafield ind1="0" ind2=" " tag="362"><subfield code="a">Vol. 3, no. 43 (July 24, 1875)-</subfield></datafield><datafield ind1=" " ind2="4" tag="651"><subfield code="a">Norwich (N.Y.)</subfield><subfield code="v">Newspapers.</subfield></datafield><datafield ind1=" " ind2="4" tag="651"><subfield code="a">Chenango County (N.Y.)</subfield><subfield code="v">Newspapers.</subfield></datafield><datafield ind1=" " ind2=" " tag="752"><subfield code="a">United States</subfield><subfield code="b">New York</subfield><subfield code="c">Chenango</subfield><subfield code="d">Norwich.</subfield></datafield><datafield ind1="0" ind2="0" tag="780"><subfield code="t">Weekly pioneer (Norwich, N.Y.)</subfield><subfield code="w">(DLC)sn 91066761</subfield></datafield><datafield ind1="1" ind2=" " tag="029"><subfield code="a">AU@</subfield><subfield code="b">000020718385</subfield></datafield></record>